<?xml version="1.0" encoding="UTF-8"?><collection xmlns="http://www.loc.gov/MARC21/slim"><record><leader>00445nam--2200169-u-4500</leader><controlfield tag="001">000052447</controlfield><controlfield tag="002">20161230</controlfield><controlfield tag="005">20161230201050</controlfield><controlfield tag="008">100713s1000------------r-----000-0-rum-d</controlfield><datafield ind1=" " ind2=" " tag="040"><subfield code="a">IFIN-HH</subfield></datafield><datafield ind1=" " ind2=" " tag="041"><subfield code="a">rum</subfield></datafield><datafield ind1="1" ind2=" " tag="100"><subfield code="a">Oroveanu, T</subfield></datafield><datafield ind1="1" ind2="0" tag="245"><subfield code="a">Scurgerea fluidelor multifazice prin medii poroase</subfield><subfield code="c">T. Oroveanu</subfield></datafield><datafield ind1=" " ind2=" " tag="260"><subfield code="a">Bucuresti</subfield><subfield code="b">Editura Academiei R.S.R</subfield><subfield code="c">1966</subfield></datafield><datafield ind1=" " ind2=" " tag="300"><subfield code="a">597 p</subfield></datafield><datafield ind1=" " ind2=" " tag="852"><subfield code="a">23535</subfield><subfield code="c">532</subfield></datafield><datafield ind1=" " ind2=" " tag="CAT"><subfield code="a">Sys</subfield><subfield code="c">20100713</subfield><subfield code="h">151728</subfield></datafield></record></collection>